% This file was created with JabRef 2.10.
% Encoding: Cp1252


@Unpublished{tesiTZ,
  Title                    = {{Progetto e sviluppo di un videogame basato sulla penalizzazione per il trattamento dell'ambliopia}},
  Author                   = {Fabio Terzi, Matteo Zambelli},

  Owner                    = {matteo},
  Timestamp                = {2015.06.30}
}

